
@webpage{ tomlwiki,
	author = "None",
	url = "(https://github.com/toml-lang/toml/wiki"
}
